<record xmlns="http://www.loc.gov/MARC21/slim">
   <leader>03242cam a2200445 i 4500</leader>
   <controlfield tag="001">6859010</controlfield>
   <controlfield tag="003">OCoLC</controlfield>
   <controlfield tag="005">20150529091447.0</controlfield>
   <controlfield tag="008">150209t20152015nyua     b    001 0 eng  </controlfield>
   <datafield ind1=" " ind2=" " tag="010">
      <subfield code="a">  2014038932</subfield>
   </datafield>
   <datafield ind1=" " ind2=" " tag="020">
      <subfield code="a">9781138020948</subfield>
      <subfield code="q">hardcover</subfield>
   </datafield>
   <datafield ind1=" " ind2=" " tag="020">
      <subfield code="a">113802094X</subfield>
      <subfield code="q">hardcover</subfield>
   </datafield>
   <datafield ind1=" " ind2=" " tag="020">
      <subfield code="a">9781138020955</subfield>
      <subfield code="q">paperback</subfield>
   </datafield>
   <datafield ind1=" " ind2=" " tag="020">
      <subfield code="a">1138020958</subfield>
      <subfield code="q">paperback</subfield>
   </datafield>
   <datafield ind1=" " ind2=" " tag="020">
      <subfield code="z">9781315778136</subfield>
      <subfield code="q">electronic book</subfield>
   </datafield>
   <datafield ind1=" " ind2=" " tag="035">
      <subfield code="a">ocn892879335</subfield>
   </datafield>
   <datafield ind1=" " ind2=" " tag="039">
      <subfield code="a">exclude</subfield>
   </datafield>
   <datafield ind1=" " ind2=" " tag="040">
      <subfield code="a">DLC</subfield>
      <subfield code="e">rda</subfield>
      <subfield code="b">eng</subfield>
      <subfield code="c">DLC</subfield>
      <subfield code="d">YDX</subfield>
      <subfield code="d">YDXCP</subfield>
      <subfield code="d">BTCTA</subfield>
      <subfield code="d">BDX</subfield>
      <subfield code="d">WVU</subfield>
      <subfield code="d">CDX</subfield>
      <subfield code="d">OCLCF</subfield>
      <subfield code="d">AEU</subfield>
   </datafield>
   <datafield ind1=" " ind2=" " tag="042">
      <subfield code="a">pcc</subfield>
   </datafield>
   <datafield ind1="0" ind2="0" tag="050">
      <subfield code="a">LC213</subfield>
      <subfield code="b">.D45 2015</subfield>
   </datafield>
   <datafield ind1="0" ind2="0" tag="082">
      <subfield code="a">378.01</subfield>
      <subfield code="2">23</subfield>
   </datafield>
   <datafield ind1=" " ind2=" " tag="090">
      <subfield code="a">LC213 .D45 2015</subfield>
      <subfield code="b">AEGMCT</subfield>
   </datafield>
   <datafield ind1="0" ind2="0" tag="245">
      <subfield code="a">Democratizing higher education :</subfield>
      <subfield code="b">international comparative perspectives /</subfield>
      <subfield code="c">edited by Patrick Blessinger and John P. Anchan.</subfield>
   </datafield>
   <datafield ind1=" " ind2="1" tag="264">
      <subfield code="a">New York, NY :</subfield>
      <subfield code="b">Routledge, Taylor &amp; Francis Group,</subfield>
      <subfield code="c">2015.</subfield>
   </datafield>
   <datafield ind1=" " ind2="4" tag="264">
      <subfield code="c">©2015</subfield>
   </datafield>
   <datafield ind1=" " ind2=" " tag="300">
      <subfield code="a">xvi, 233 pages :</subfield>
      <subfield code="b">illustrations ;</subfield>
      <subfield code="c">23 cm</subfield>
   </datafield>
   <datafield ind1=" " ind2=" " tag="336">
      <subfield code="a">text</subfield>
      <subfield code="b">txt</subfield>
      <subfield code="2">rdacontent</subfield>
   </datafield>
   <datafield ind1=" " ind2=" " tag="337">
      <subfield code="a">unmediated</subfield>
      <subfield code="b">n</subfield>
      <subfield code="2">rdamedia</subfield>
   </datafield>
   <datafield ind1=" " ind2=" " tag="338">
      <subfield code="a">volume</subfield>
      <subfield code="b">nc</subfield>
      <subfield code="2">rdacarrier</subfield>
   </datafield>
   <datafield ind1=" " ind2=" " tag="504">
      <subfield code="a">Includes bibliographical references and index.</subfield>
   </datafield>
   <datafield ind1="0" ind2=" " tag="505">
      <subfield code="a">Preface / Patrick Blessinger and John P. Anchan -- An introduction to democratizing higher education / John P. Anchan -- Democratizing higher education in the United States : a legacy of democratic learning / Linda Watts -- Democratizing higher education in Canada : quality and educational development / Arshad Ahmad and Lori Goff -- Democratization in European higher education : the past, present, and future of the Bologna process / María Luisa Pérez Cañado -- South Europe higher education : Portugal and its peripheral regions / Luísa Soares and Catarina Faria -- Democratizing higher education in the United Kingdom : a case study / Craig Mahoney and Helena Lim -- Higher education in Scandinavia : a case study / Jørgen Lerche Nielsen and Lars Birch Andreasen -- Higher education in New Zealand : a case study of the land of the long white cloud / Lorraine Stefani -- Higher education in South Africa : a case study / Mandla S. Makhanya and Jeanette C. Botha -- Modernization of Russian higher education : progress and opportunities / Natalia Moscvina and Olga Kovbasyuk -- Democratizing higher education in China's Hong Kong : between rhetoric and reality / Hei-hang Hayes Tang -- Democratization of higher education in India : a case study / Arputharaj Devaraj -- Malaysian higher education : a case study / Enakshi Sengupta -- The future of higher education : towards a democratic theory of higher education / Patrick Blessinger -- Democratizing higher education : concluding thoughts / Patrick Blessinger.</subfield>
   </datafield>
   <datafield ind1=" " ind2=" " tag="596">
      <subfield code="a">29</subfield>
   </datafield>
   <datafield ind1=" " ind2="0" tag="650">
      <subfield code="a">Education, Higher</subfield>
      <subfield code="x">Aims and objectives</subfield>
      <subfield code="v">Cross-cultural studies.</subfield>
   </datafield>
   <datafield ind1=" " ind2="0" tag="650">
      <subfield code="a">Democracy and education</subfield>
      <subfield code="v">Cross-cultural studies.</subfield>
   </datafield>
   <datafield ind1=" " ind2="0" tag="650">
      <subfield code="a">Educational equalization</subfield>
      <subfield code="v">Cross-cultural studies.</subfield>
   </datafield>
   <datafield ind1=" " ind2="0" tag="650">
      <subfield code="a">Higher education and state</subfield>
      <subfield code="v">Cross-cultural studies.</subfield>
   </datafield>
   <datafield ind1="1" ind2=" " tag="700">
      <subfield code="a">Blessinger, Patrick,</subfield>
      <subfield code="e">editor.</subfield>
   </datafield>
   <datafield ind1="1" ind2=" " tag="700">
      <subfield code="a">Anchan, John P.,</subfield>
      <subfield code="e">editor.</subfield>
   </datafield>
   <datafield ind1=" " ind2=" " tag="949">
      <subfield code="a">LC213 .D45 2015</subfield>
      <subfield code="h">GMCT-OS-B</subfield>
      <subfield code="i">1007771031</subfield>
      <subfield code="p">57.81</subfield>
      <subfield code="k">AVAIL_SOON</subfield>
   </datafield>
   <datafield ind1=" " ind2=" " tag="926">
      <subfield code="a">LC213 .D45 2015</subfield>
      <subfield code="w">LC</subfield>
      <subfield code="c">1</subfield>
      <subfield code="i">1007771031</subfield>
      <subfield code="d">3/16/2017</subfield>
      <subfield code="e">3/16/2017</subfield>
      <subfield code="k">ILL_</subfield>
      <subfield code="l">ON_SHELF</subfield>
      <subfield code="m">GR_MACEWAN</subfield>
      <subfield code="n">1</subfield>
      <subfield code="p">$57.81</subfield>
      <subfield code="r">M</subfield>
      <subfield code="s">Y</subfield>
      <subfield code="t">BOOK</subfield>
      <subfield code="u">6/2/2015</subfield>
   </datafield>
</record>
